<?xml version="1.0" encoding="UTF-8"?><collection xmlns="http://www.loc.gov/MARC21/slim"><record><leader>00500nam--2200169-i-4500</leader><controlfield tag="001">000010463</controlfield><controlfield tag="002">20161230</controlfield><controlfield tag="005">20170222182437</controlfield><controlfield tag="008">060222s1000------------r-----000-0-eng-d</controlfield><datafield ind1=" " ind2=" " tag="100"><subfield code="a">Demetrescu, Emil</subfield></datafield><datafield ind1=" " ind2=" " tag="245"><subfield code="a">Realizari in domeniul aparatajelor de incalzire si de ventilatie. (din experienta icma)</subfield></datafield><datafield ind1=" " ind2=" " tag="260"><subfield code="a">Bucuresti</subfield><subfield code="b">Centr.De Doc.Pt.Constr., Arhit.Si Sist</subfield><subfield code="c">1971</subfield></datafield><datafield ind1=" " ind2=" " tag="300"><subfield code="a">35 p</subfield></datafield><datafield ind1=" " ind2=" " tag="490"><subfield code="a">Studii. Realizari</subfield></datafield><datafield ind1=" " ind2=" " tag="700"><subfield code="a">Terzi, Petre</subfield></datafield><datafield ind1=" " ind2=" " tag="852"><subfield code="a">697</subfield></datafield><datafield ind1=" " ind2=" " tag="CAT"><subfield code="a">SYS</subfield><subfield code="c">20170222</subfield><subfield code="h">182437</subfield></datafield></record></collection>